@misc{espnet,
title={Recent Developments on ESPnet Toolkit Boosted by Conformer},
author={Pengcheng Guo and Florian Boyer and Xuankai Chang and Tomoki Hayashi and Yosuke Higuchi and Hirofumi Inaguma and Naoyuki Kamo and Chenda Li and Daniel Garcia-Romero and Jiatong Shi and Jing Shi and Shinji Watanabe and Kun Wei and Wangyou Zhang and Yuekai Zhang},
year={2020},
eprint={2010.13956},
archivePrefix={arXiv},
primaryClass={eess.AS}
}
@INPROCEEDINGS{librispeech,
author={Panayotov, Vassil and Chen, Guoguo and Povey, Daniel and Khudanpur, Sanjeev},
booktitle={2015 IEEE International Conference on Acoustics, Speech and Signal Processing (ICASSP)}, title={Librispeech: An ASR corpus based on public domain audio books},
year={2015},
volume={},
number={},
pages={5206-5210},
doi={10.1109/ICASSP.2015.7178964}
}
@misc{espnet_model,
  author       = {kamo-naoyuki},
  title        = {{ESPnet2 pretrained model}: kamo-naoyuki/librispeech
                   \_asr\_train\_asr\_conformer6\_n\_fft512\_hop\_length256\_r
                   aw\_en\_bpe5000\_scheduler\_confwarmup\_steps40000\_opti
                   m\_conflr0.0025\_sp\_valid.acc.ave, fs=16k, lang=en}},
  month        = {March},
  year         = {2021},
  publisher    = {Zenodo},
  doi          = {10.5281/zenodo.4604011},
  url          = {https://doi.org/10.5281/zenodo.4604011}
}
@article{ravdess,
    doi = {10.1371/journal.pone.0196391},
    author = {Livingstone, Steven R. AND Russo, Frank A.},
    journal = {PLOS ONE},
    publisher = {Public Library of Science},
    title = {The Ryerson Audio-Visual Database of Emotional Speech and Song (RAVDESS): A dynamic, multimodal set of facial and vocal expressions in North American English},
    year = {2018},
    month = {05},
    volume = {13},
    url = {https://doi.org/10.1371/journal.pone.0196391},
    pages = {1-35},
    number = {5},
}

@misc{conformer,
      title={Conformer: Convolution-augmented Transformer for Speech Recognition},
      author={Anmol Gulati and James Qin and Chung-Cheng Chiu and Niki Parmar and Yu Zhang and Jiahui Yu and Wei Han and Shibo Wang and Zhengdong Zhang and Yonghui Wu and Ruoming Pang},
      year={2020},
      eprint={2005.08100},
      archivePrefix={arXiv},
      primaryClass={eess.AS}
}
